<record><leader>00000cas a22000007a 4500</leader><controlfield tag="001">20182943</controlfield><controlfield tag="008">890815d19031911gauwr ne      0    0eng d</controlfield><datafield ind1=" " ind2=" " tag="010"><subfield code="a">sn 88054076 </subfield></datafield><datafield ind1=" " ind2=" " tag="040"><subfield code="a">NLG</subfield><subfield code="b">eng</subfield><subfield code="c">NLG</subfield><subfield code="d">GUA</subfield><subfield code="d">OCLCQ</subfield><subfield code="d">OCLCF</subfield><subfield code="d">OCLCO</subfield></datafield><datafield ind1="1" ind2=" " tag="029"><subfield code="a">AU@</subfield><subfield code="b">000020562255</subfield></datafield><datafield ind1=" " ind2=" " tag="042"><subfield code="a">msc</subfield></datafield><datafield ind1=" " ind2=" " tag="043"><subfield code="a">n-us-ga</subfield></datafield><datafield ind1="0" ind2="4" tag="245"><subfield code="a">The Forest-blade.</subfield></datafield><datafield ind1=" " ind2=" " tag="260"><subfield code="a">Swainsboro, Ga. :</subfield><subfield code="b">S.J. Tyson and W.E. Boatwright,</subfield><subfield code="c">[1903-1911]</subfield></datafield><datafield ind1=" " ind2=" " tag="300"><subfield code="a">v.</subfield></datafield><datafield ind1=" " ind2=" " tag="310"><subfield code="a">Weekly</subfield></datafield><datafield ind1="0" ind2=" " tag="362"><subfield code="a">Vol. 28, no. 25 (Oct. 29, 1903)-v. 36, no. 10 (Mar. 9, 1911).</subfield></datafield><datafield ind1=" " ind2=" " tag="530"><subfield code="a">Also on microfilm: Athens, Ga. : University of Georgia Libraries.</subfield></datafield><datafield ind1=" " ind2=" " tag="580"><subfield code="a">Formed by the union of: Pine forest, and: Wiregrass blade.</subfield></datafield><datafield ind1=" " ind2="0" tag="651"><subfield code="a">Emanuel County (Ga.)</subfield><subfield code="v">Newspapers.</subfield></datafield><datafield ind1=" " ind2="7" tag="655"><subfield code="a">Newspapers.</subfield><subfield code="2">fast</subfield><subfield code="0">(OCoLC)fst01423814</subfield></datafield><datafield ind1=" " ind2="7" tag="651"><subfield code="a">Georgia</subfield><subfield code="z">Emanuel County.</subfield><subfield code="2">fast</subfield><subfield code="0">(OCoLC)fst01207497</subfield></datafield><datafield ind1=" " ind2=" " tag="752"><subfield code="a">United States</subfield><subfield code="b">Georgia</subfield><subfield code="c">Emanuel</subfield><subfield code="d">Swainsboro.</subfield></datafield><datafield ind1="1" ind2="4" tag="780"><subfield code="t">Pine forest</subfield><subfield code="w">(DLC)sn 88054077</subfield><subfield code="w">(OCoLC)20180896</subfield></datafield><datafield ind1="1" ind2="4" tag="780"><subfield code="t">Wiregrass blade</subfield></datafield><datafield ind1="0" ind2="0" tag="785"><subfield code="t">Swainsboro forest-blade</subfield><subfield code="w">(DLC)sn 88054075</subfield><subfield code="w">(OCoLC)20180798</subfield></datafield></record>